<?xml version="1.0" encoding="UTF-8"?><collection xmlns="http://www.loc.gov/MARC21/slim"><record><leader>00398nam--2200121-i-4500</leader><controlfield tag="001">000004827</controlfield><controlfield tag="002">20161230</controlfield><controlfield tag="005">20161230201026</controlfield><controlfield tag="008">060222s1000------------r-----000-0-eng-d</controlfield><datafield ind1=" " ind2=" " tag="100"><subfield code="a">Bodenstedt, E., Korner, H.J., Matthias, E</subfield></datafield><datafield ind1=" " ind2=" " tag="245"><subfield code="a">Angular correlation measurements on cs133 and the magnetic moment of the 81 kev-level</subfield></datafield><datafield ind1=" " ind2=" " tag="260"><subfield code="a">Amsterdam, North-holland Publishing Co., 1959. 15 P</subfield></datafield><datafield ind1=" " ind2=" " tag="852"><subfield code="a">6496</subfield></datafield></record></collection>